% The darn bibliography


@PHDTHESIS{...,
  author = {...},
  title = {...},
  school = {...},
  year = {...},
  owner = {...},
  timestamp = {...}
}



@TECHREPORT{...,
  author = {...},
  title = {...},
  institution = {...},
  year = {...},
  owner = {siew},
  timestamp = {...}
}



@incollection{einstein,
  title={Zur Eektrodynamik bewegter K{\"o}rper und spezielle Relativit{\"a}tstheorie},
  author={Einstein, Albert},
  booktitle={Theorien der Elektrizit{\"a}t Elektrostatik},
  pages={245--348},
  year={1927},
  publisher={Springer}
}

@book{lunze2012,
  added-at = {2014-01-20T23:27:12.000+0100},
  author = {Lunze, Jan},
  biburl = {https://www.bibsonomy.org/bibtex/2bf7223e4aef346e54be455e0391af609/cut},
  edition = 9,
  interhash = {2fcf7e3d82d034fd4b980e602b9ff27d},
  intrahash = {bf7223e4aef346e54be455e0391af609},
  keywords = {bathesis-luri systems-theory},
  publisher = {Springer},
  timestamp = {2015-09-25T21:50:07.000+0200},
  title = {Regelungstechnik 1: Systemtheoretische Grundlagen, Analyse und Entwurf einschleifiger Regelungen},
  year = 2012
}

